<record><leader>00000cas a22000007a 4500</leader><controlfield tag="001">23295537</controlfield><controlfield tag="008">910326d18921896maudn ne      0    0eng d</controlfield><datafield ind1=" " ind2=" " tag="010"><subfield code="a">sn 89062600 </subfield></datafield><datafield ind1=" " ind2=" " tag="040"><subfield code="a">MGN</subfield><subfield code="b">eng</subfield><subfield code="c">MGN</subfield><subfield code="d">NYS</subfield><subfield code="d">MGN</subfield><subfield code="d">OCLCQ</subfield></datafield><datafield ind1=" " ind2=" " tag="042"><subfield code="a">msc</subfield></datafield><datafield ind1="0" ind2=" " tag="130"><subfield code="a">Springfield evening union (Springfield, Mass. : 1892)</subfield></datafield><datafield ind1="1" ind2="4" tag="245"><subfield code="a">The Springfield evening union.</subfield></datafield><datafield ind1=" " ind2=" " tag="260"><subfield code="a">Springfield, Mass. :</subfield><subfield code="b">Union Newspaper Co.,</subfield><subfield code="c">1892-1896.</subfield></datafield><datafield ind1=" " ind2=" " tag="300"><subfield code="a">v.</subfield></datafield><datafield ind1=" " ind2=" " tag="310"><subfield code="a">Daily (except Sun.)</subfield></datafield><datafield ind1="0" ind2=" " tag="362"><subfield code="a">Vol. 29 (July 2, 1892)-v. 33, no. 56 (Feb. 28, 1896).</subfield></datafield><datafield ind1=" " ind2=" " tag="752"><subfield code="a">United States</subfield><subfield code="b">Massachusetts</subfield><subfield code="c">Hampden</subfield><subfield code="d">Springfield.</subfield></datafield><datafield ind1="0" ind2=" " tag="775"><subfield code="t">Springfield morning union</subfield><subfield code="w">(DLC)sn 85033606</subfield></datafield><datafield ind1="0" ind2=" " tag="775"><subfield code="t">Springfield weekly union (Springfield, Mass. : 1892)</subfield><subfield code="w">(DLC)sn 89062587</subfield></datafield><datafield ind1="0" ind2="0" tag="780"><subfield code="t">Springfield union (Springfield, Mass. : 1884)</subfield><subfield code="w">(DLC)sn 86071870</subfield></datafield><datafield ind1="0" ind2="0" tag="785"><subfield code="t">Springfield union (Springfield, Mass. : 1896 : Evening ed.)</subfield><subfield code="w">(DLC)sn 89062601</subfield></datafield></record>